@online{painless_bug_tracking,
    author    = "Joel Spolsky",
    title     = "Painless Bug Tracking",
    url       = "https://www.joelonsoftware.com/2000/11/08/painless-bug-tracking/",
    keywords  = "painless,bug,tracking"
}

@online{bugtracking_systems,
	author    = "Wikipedia",
	title     = "Система відстеження помилок",
    url 	  = "https://goo.gl/x9Xx8x"
}

@online{web_app_frameworks,
	author    = "GitHub",
	title     = "Web Application Frameworks",
    url = "https://github.com/showcases/web-application-frameworks"
}

@online{statcounter_desktop_mobile,
	author = "StatCounter",
	title = "Desktop vs Mobile Market Share Worldwide",
	url = "http://gs.statcounter.com/platform-market-share/desktop-mobile/worldwide/#monthly-201204-201704"
}

@online{rss,
	author = "Wikipedia",
	title = "RSS",
	url = "https://en.wikipedia.org/wiki/RSS"
}

@online{vcs,
	author = "Wikipedia",
	title = "Version control systems",
	url = "https://en.wikipedia.org/wiki/Version_control"
}

@online{swagger,
	author = "OpenAPI Consortium",
	title = "Swagger. Getting started.",
	url = "http://swagger.io/getting-started"
}

@book{gof,
	author = "Гамма Э. and Хелм Р. and Джонсон Р. and Влиссидес Дж.",
	title = "Приемы объектно-ориентированного проектирования. Паттерны проектирования.",
	year = "2001",
	publisher = "Питер",
	address = "Спб.",
	pages = 368
}

@book{pattern_oriented_arch,
	author = "Buschmann F. and Meunier R. and Rohnert H. and Sommerlad P. and Stal M.",
	title = "Pattern-Oriented Software Architecture.",
	volume = 1,
	year = "1996",
	publisher = "Wiley",
	pages = 476
}

@book{patterns_application,
	author = "Влиссидес Дж.",
	title = "Применение шаблонов проектирования. Дополнительные штрихи.",
	year = "2003",
	publisher = "Издательский дом \enquote{Вильямс}",
	address = "М.",
	pages = 144
}

@book{design_patterns,
	author = "Алан Шаллоуей and Джеймс Р. Тротт",
	title = "Шаблоны проектирования. Новый подход к объектно-ориентированному анализу и проектированиюи.",
	year = "2002",
	publisher = "Вильямс",
	address = "М.",
	pages = 288
}

@book{elemental_design_patterns,
	author = "Джейсон Мак-Колм Смит",
	title = "Элементарные шаблоны проектирования.",
	year = "2012",
	publisher = "Вильямс",
	address = "М.",
	pages = 304
}

@book{uml_patterns,
	author = "Крэг Ларман",
	title = "Применение UML 2.0 и шаблонов проектирования.",
	year = "2006",
	publisher = "Вильямс",
	address = "М.",
	pages = 736
}

@article{pattern_language,
	author = "Alexander С. and Ishikawa S. and Silverstein M.",
	title = "A Pattern Language: Towns, Buildings, Construction.",
	year = "1977",
	publisher = "Oxford University Press"
}

@book{object_oriented_analysis,
	author = "Гради Буч and Роберт А. Максимчук and Майкл У. Энгл and Бобби Дж. Янг and Джим Коналлен and Келли А. Хьюстон",
	title = "Объектно-ориентированный анализ и проектирование с примерами приложений.",
	year = "2008",
	publisher = "Вильямс",
	address = "М.",
	pages = 720
}

@online{material_design,
	author = "Google",
	title = "Material design",
	url = "https://material.io/guidelines"
}

@book{agile_testing,
	author = "Лайза Криспин and Джанет Грегори",
	title = "Гибкое тестирование: практическое руководство для тестировщиков ПО и гибких команд.",
	year = "2010",
	publisher = "Вильямс",
	address = "М.",
	pages = 464
}

@book{software_testing,
	author = "Канер Кем and Фолк Джек and Нгуен Енг Кек",
	title = "Тестирование программного обеспечения. Фундаментальные концепции менеджмента бизнес-приложений.",
	year = "2001",
	publisher = "ДиаСофт",
	address = "Киев",
	pages = 544
}

@book{fast_testing,
	author = "Калбертсон Роберт and Браун Крис and Кобб Гэри",
	title = "Быстрое тестирование.",
	year = "2002",
	publisher = "Вильямс",
	address = "М.",
	pages = 374
}

@book{oo_methods,
	author = "Иан Грэхем",
	title = "Объектно-ориентированные методы. Принципы и практика.",
	year = "2004",
	publisher = "Вильямс",
	address = "М.",
	pages = 880
}

@book{oo_thought_process,
	author = "Matt Weisfeld",
	title = "The Object-Oriented Thought Process.",
	year = "2013",
	publisher = "Addison-Wesley Professional",
	pages = 336
}

@online{jdd,
	author = "Sebastian Gebski",
	title = "Jesus-Driven Development",
	url = "http://no-kill-switch.ghost.io/jesus-driven-development"
}